@article{liu2013online,
  title={Online and offline handwritten Chinese character recognition: benchmarking on new databases},
  author={Liu, Cheng-Lin and Yin, Fei and Wang, Da-Han and Wang, Qiu-Feng},
  journal={Pattern Recognition},
  volume={46},
  number={1},
  pages={155--162},
  year={2013},
  publisher={Elsevier}
}

@inproceedings{wu2002recognition,
  title={A recognition algorithm for chinese characters in diverse fonts},
  author={Wu, Xianli and Wu, Min},
  booktitle={Image Processing. 2002. Proceedings. 2002 International Conference on},
  volume={3},
  pages={981--984},
  year={2002},
  organization={IEEE}
}

@misc{tmwebdvi77,
author = {},
title = {tmweb.dvi},
howpublished = {\url{http://szovegbanyaszat.typotex.hu/content/PDF/ch+ocr.pdf}},
year = {2006}
}

@misc{StrokeCJ9,
author = {},
title = {Stroke (CJKV character) - Wikipedia},
howpublished = {\url{https://en.wikipedia.org/wiki/Stroke_(CJKV_character)}},
month = {},
year = {2002}
}

@misc{neurális77,
author = {Fazekas István},
title = {neurális hálózatok.pdf},
howpublished = {\url{https://gyires.inf.unideb.hu/GyBITT/19/Neuralis_halozatok_v8.pdf}},
month = {},
year = {2013}
}
