@article{liu2013online,
  title={Online and offline handwritten Chinese character recognition: benchmarking on new databases},
  author={Liu, Cheng-Lin and Yin, Fei and Wang, Da-Han and Wang, Qiu-Feng},
  journal={Pattern Recognition},
  volume={46},
  number={1},
  pages={155--162},
  year={2013},
  publisher={Elsevier}
}

@article{dong2005improved,
  title={An improved handwritten Chinese character recognition system using support vector machine},
  author={Dong, Jian-xiong and Krzy{\.z}ak, Adam and Suen, Ching Y},
  journal={Pattern Recognition Letters},
  volume={26},
  number={12},
  pages={1849--1856},
  year={2005},
  publisher={Elsevier}
}

@book{bunke1997handbook,
  title={Handbook of character recognition and document image analysis},
  author={Bunke, Horst and Wang, Patrick Shen-pei},
  year={1997},
  publisher={World Scientific}
}

@inproceedings{wu2002recognition,
  title={A recognition algorithm for chinese characters in diverse fonts},
  author={Wu, Xianli and Wu, Min},
  booktitle={Image Processing. 2002. Proceedings. 2002 International Conference on},
  volume={3},
  pages={981--984},
  year={2002},
  organization={IEEE}
}

@inproceedings{zhong2015high,
  title={High performance offline handwritten Chinese character recognition using GoogLeNet and directional feature maps},
  author={Zhong, Zhuoyao and Jin, Lianwen and Xie, Zecheng},
  booktitle={Document Analysis and Recognition (ICDAR), 2015 13th International Conference on},
  pages={846--850},
  year={2015},
  organization={IEEE}
}

@article{romero1997optical,
  title={Optical Chinese character recognition using probabilistic neural networks},
  author={Romero, Richard D and Touretzky, David S and Thibadeau, Robert H},
  journal={Pattern recognition},
  volume={30},
  number={8},
  pages={1279--1292},
  year={1997},
  publisher={Elsevier}
}

@article{lecun1995convolutional,
  title={Convolutional networks for images, speech, and time series},
  author={LeCun, Yann and Bengio, Yoshua and others},
  journal={The handbook of brain theory and neural networks},
  volume={3361},
  number={10},
  pages={1995},
  year={1995}
}

@article{zhang2017ran,
  title={RAN: Radical analysis networks for zero-shot learning of Chinese characters},
  author={Zhang, Jianshu and Zhu, Yixing and Du, Jun and Dai, Lirong},
  journal={arXiv preprint arXiv:1711.01889},
  year={2017}
}

@article{liconvolution,
  title={Convolution Neural Network for Traditional Chinese Calligraphy Recognition},
  author={Li, Boqi}
}

@inproceedings{cirecsan2015multi,
  title={Multi-column deep neural networks for offline handwritten Chinese character classification},
  author={Cire{\c{s}}an, Dan and Meier, Ueli},
  booktitle={Neural Networks (IJCNN), 2015 International Joint Conference on},
  pages={1--6},
  year={2015},
  organization={IEEE}
}

@article{wang1973machine,
  title={Machine recognition of printed Chinese characters via transformation algorithms},
  author={Wang, Paul P and Shiau, Robert C},
  journal={Pattern Recognition},
  volume={5},
  number={4},
  pages={303--321},
  year={1973},
  publisher={Elsevier}
}
