@misc{feldolgozasi_szintek,
  author={Rövid, András and Vámossy, Zoltán and Sergyán, Szabolcs},
  title={A gépi látás és képfeldolgozás párhuzamos modelljei és algoritmusai},
  url={http://www.tankonyvtar.hu/hu/tartalom/tamop412A/2011-0063_15_gepi_latas/ch02.html},
  year={2014},
  publisher={Digitális Tankönyvtár}
}

@inproceedings{wu2002recognition,
  title={A recognition algorithm for chinese characters in diverse fonts},
  author={Wu, Xianli and Wu, Min},
  booktitle={Image Processing. 2002. Proceedings. 2002 International Conference on},
  volume={3},
  pages={981--984},
  year={2002},
  organization={IEEE}
}

@article{liu2013online,
  title={Online and offline handwritten Chinese character recognition: benchmarking on new databases},
  author={Liu, Cheng-Lin and Yin, Fei and Wang, Da-Han and Wang, Qiu-Feng},
  journal={Pattern Recognition},
  volume={46},
  number={1},
  pages={155--162},
  year={2013},
  publisher={Elsevier}
}

@article{dong2005improved,
  title={An improved handwritten Chinese character recognition system using support vector machine},
  author={Dong, Jian-xiong and Krzy{\.z}ak, Adam and Suen, Ching Y},
  journal={Pattern Recognition Letters},
  volume={26},
  number={12},
  pages={1849--1856},
  year={2005},
  publisher={Elsevier}
}

@book{bunke1997handbook,
  title={Handbook of character recognition and document image analysis},
  author={Bunke, Horst and Wang, Patrick Shen-pei},
  year={1997},
  publisher={World Scientific}
}

@inproceedings{wu2002recognition,
  title={A recognition algorithm for chinese characters in diverse fonts},
  author={Wu, Xianli and Wu, Min},
  booktitle={Image Processing. 2002. Proceedings. 2002 International Conference on},
  volume={3},
  pages={981--984},
  year={2002},
  organization={IEEE}
}

@inproceedings{zhong2015high,
  title={High performance offline handwritten Chinese character recognition using GoogLeNet and directional feature maps},
  author={Zhong, Zhuoyao and Jin, Lianwen and Xie, Zecheng},
  booktitle={Document Analysis and Recognition (ICDAR), 2015 13th International Conference on},
  pages={846--850},
  year={2015},
  organization={IEEE}
}

@article{romero1997optical,
  title={Optical Chinese character recognition using probabilistic neural networks},
  author={Romero, Richard D and Touretzky, David S and Thibadeau, Robert H},
  journal={Pattern recognition},
  volume={30},
  number={8},
  pages={1279--1292},
  year={1997},
  publisher={Elsevier}
}

@article{lecun1995convolutional,
  title={Convolutional networks for images, speech, and time series},
  author={LeCun, Yann and Bengio, Yoshua and others},
  journal={The handbook of brain theory and neural networks},
  volume={3361},
  number={10},
  pages={1995},
  year={1995}
}

@article{zhang2017ran,
  title={RAN: Radical analysis networks for zero-shot learning of Chinese characters},
  author={Zhang, Jianshu and Zhu, Yixing and Du, Jun and Dai, Lirong},
  journal={arXiv preprint arXiv:1711.01889},
  year={2017}
}

@article{liconvolution,
  title={Convolution Neural Network for Traditional Chinese Calligraphy Recognition},
  author={Li, Boqi}
}

@inproceedings{cirecsan2015multi,
  title={Multi-column deep neural networks for offline handwritten Chinese character classification},
  author={Cire{\c{s}}an, Dan and Meier, Ueli},
  booktitle={Neural Networks (IJCNN), 2015 International Joint Conference on},
  pages={1--6},
  year={2013},
  organization={IEEE}
}

@article{wang1973machine,
  title={Machine recognition of printed Chinese characters via transformation algorithms},
  author={Wang, Paul P and Shiau, Robert C},
  journal={Pattern Recognition},
  volume={5},
  number={4},
  pages={303--321},
  year={1973},
  publisher={Elsevier}
}

@misc{kinaiiras,
author = {},
title = {Kínai írás – Wikipédia},
howpublished = {\url{https://hu.wikipedia.org/wiki/K%C3%ADnai_%C3%ADr%C3%A1s}},
month = {2}
year = {2003}
}

@misc{tmwebdvi77,
author = {},
title = {tmweb.dvi},
howpublished = {\url{http://szovegbanyaszat.typotex.hu/content/PDF/ch+ocr.pdf}},
year = {2006}
}

@inproceedings{zhou2017stroke,
  title={Stroke Extraction of Handwritten Chinese Character Based on Ambiguous Zone Information},
  author={Zhou, Zhengyang and Zhan, Enqi and Zheng, Jianbin},
  booktitle={Multimedia and Image Processing (ICMIP), 2017 2nd International Conference on},
  pages={68--72},
  year={2017},
  organization={IEEE}
}

@misc{StrokeCJ9,
author = {},
title = {Stroke (CJKV character) - Wikipedia},
howpublished = {\url{https://en.wikipedia.org/wiki/Stroke_(CJKV_character)}},
month = {},
year = {2002}
}

@article{WANG1973303,
title = "Machine recognition of printed Chinese characters via transformation algorithms",
journal = "Pattern Recognition",
year = "2003",
issn = "0031-3203",
doi = "https://doi.org/10.1016/0031-3203(73)90023-X",
url = "http://www.sciencedirect.com/science/article/pii/003132037390023X",
author = "Paul P. Wang and Robert C. Shiau",
keywords = "Chinese ideographs, Pattern recognition, Optical character reader, Classification, Fourier transform, Hadamard transform, Rapid transform, Topological property"
}

@misc{OpenCVli86,
author = {},
title = {OpenCV library},
howpublished = {\url{https://opencv.org/}},
month = {},
year = {}
}

@misc{neurális77,
author = {Fazekas István},
title = {neurális hálózatok.pdf},
howpublished = {\url{https://gyires.inf.unideb.hu/GyBITT/19/Neuralis_halozatok_v8.pdf}},
month = {},
year = {2013}
}

@misc{ABeginne32,
author = {Adit Deshpande},
title = {A Beginner's Guide To Understanding Convolutional Neural Networks – Adit Deshpande – CS Undergrad at UCLA ('19)},
howpublished = {\url{https://adeshpande3.github.io/A-Beginner%27s-Guide-To-Understanding-Convolutional-Neural-Networks/}},
month = {},
year = {2014}
}
